

@book{marcacini:10,
  title={Direito e Informática: uma abordagem jurídica sobre a Criptografia},
  author={Marcacini, A.},
  isbn={9780557473038},
  url={https://books.google.com.br/books?id=vc\_rAgAAQBAJ},
  year={2010},
  publisher={Lulu Enterprises Incorporated}
}

@book{goodrich:13,
  title={Introdu{\c{c}}{\~a}o {\`a} Seguran{\c{c}}a de Computadores},
  author={Goodrich, M.T. e Tamassia, R.},
  isbn={9788540701939},
  url={https://books.google.com.br/books?id=F5Guvy6IRLoC},
  year={2013},
  pages = {405},
  publisher={Bookman}
}

@InCollection{burnett:02,
  author    = {S. Burnett and others},
  title     = {Criptografia e segurança},
  pages     = {13},
  booktitle = {O guia oficial},
  year      = {2002},
  editor    = {Elsevier},
  volume    = {3},
  url       = {https://books.google.com.br/books?id=DIskNhcTUNoC}
} %and C. E. Leiserson and R. L. Rivest and C. Stein 

@InCollection{cormen:02,
  author = 	 {T. Cormen and others},
  title = 	 {Algoritmos: Teoria e Prática},
  pages = 	 {697},
  year = 	 {2002},
  editor = 	 {Elsevier},
  edition = 	 {2th},
  volume = {6}
}


@InCollection{cormen,
  author = 	 {T. Cormen and others},
  title = 	 {Algoritmos: Teoria e Prática},
  pages = 	 {697},
  year = 	 {2002},
  editor = 	 {Elsevier},
  edition = 	 {2th},
  volume = {6}
}


@misc{icp:09,
  author = 	 {ICP},
  title = 	 {Plano de adoção de novos padrões criptográficos},
  booktitle = 	 {Infra-Estrutura de Chaves Públicas Brasileira},
  year = 	 {2009},
  editor = 	 {A. B. Smith-Jones},
  note = {Disponível em: https://bit.ly/icp-rsa. Acesso em: 12 de maio de 2019.}
}


@misc{ribeiro:2014,
  author = 	 {Ribeiro, B. e Aranha, D.},
  title = 	 {Implementação Eficiente de Algoritmos para Teste de Primalidade},
  booktitle = 	 {SBSeg},
  year = 	 {2014},
  editor = 	 {A. B. Smith-Jones},
  note = {Disponível em: http://bit.ly/teste-primalidade. Acesso em: 09 de junho de 2019.}
}
